@book{wilder1978new,
  title={New Concepts in Technical Trading Systems},
  author={Wilder, J.W.},
  isbn={9780894590276},
  lccn={78060759},
  url={https://books.google.com/books?id=WesJAQAAMAAJ},
  year={1978},
  publisher={Trend Research}
}

@misc{RLinFinance,
author = {Mohammadshafie, Alireza and Mirzaeinia, Akram and Jumakhan, Haseebullah and Mirzaeinia, Amir},
year = {2024},
month = {June},
pages = {},
title = {Deep Reinforcement Learning Strategies in Finance: Insights into Asset Holding, Trading Behavior, and Purchase Diversity},
doi = {10.48550/arXiv.2407.09557}
}

@misc{schulman2017proximalpolicyoptimizationalgorithms,
      title={Proximal Policy Optimization Algorithms}, 
      author={John Schulman and Filip Wolski and Prafulla Dhariwal and Alec Radford and Oleg Klimov},
      year={2017},
      eprint={1707.06347},
      archivePrefix={arXiv},
      primaryClass={cs.LG},
      url={https://arxiv.org/abs/1707.06347}, 
}

@misc{schulman2017trustregionpolicyoptimization,
      title={Trust Region Policy Optimization}, 
      author={John Schulman and Sergey Levine and Philipp Moritz and Michael I. Jordan and Pieter Abbeel},
      year={2017},
      eprint={1502.05477},
      archivePrefix={arXiv},
      primaryClass={cs.LG},
      url={https://arxiv.org/abs/1502.05477}, 
}

@misc{mnih2016asynchronousmethodsdeepreinforcement,
      title={Asynchronous Methods for Deep Reinforcement Learning}, 
      author={Volodymyr Mnih and Adrià Puigdomènech Badia and Mehdi Mirza and Alex Graves and Timothy P. Lillicrap and Tim Harley and David Silver and Koray Kavukcuoglu},
      year={2016},
      eprint={1602.01783},
      archivePrefix={arXiv},
      primaryClass={cs.LG},
      url={https://arxiv.org/abs/1602.01783}, 
}

@article{lambert1983commodity,
  title={Commodity channel index: Tool for trading cyclic trends},
  author={Lambert, Donald R},
  journal={Technical Analysis of Stocks \& Commodities},
  volume={1},
  pages={47},
  year={1983}
}

@book{appel2005technical,
  title={Technical analysis: power tools for active investors},
  author={Appel, Gerald},
  year={2005},
  publisher={FT Press}
}

@book{bollinger2002bollinger,
  title={Bollinger on Bollinger bands},
  author={Bollinger, John},
  year={2002},
  publisher={McGraw-Hill New York}
}

@misc{haarnoja2019softactorcriticalgorithmsapplications,
      title={Soft Actor-Critic Algorithms and Applications}, 
      author={Tuomas Haarnoja and Aurick Zhou and Kristian Hartikainen and George Tucker and Sehoon Ha and Jie Tan and Vikash Kumar and Henry Zhu and Abhishek Gupta and Pieter Abbeel and Sergey Levine},
      year={2019},
      eprint={1812.05905},
      archivePrefix={arXiv},
      primaryClass={cs.LG},
      url={https://arxiv.org/abs/1812.05905}, 
}

@misc{lillicrap2019continuouscontroldeepreinforcement,
      title={Continuous control with deep reinforcement learning}, 
      author={Timothy P. Lillicrap and Jonathan J. Hunt and Alexander Pritzel and Nicolas Heess and Tom Erez and Yuval Tassa and David Silver and Daan Wierstra},
      year={2019},
      eprint={1509.02971},
      archivePrefix={arXiv},
      primaryClass={cs.LG},
      url={https://arxiv.org/abs/1509.02971}, 
}

@misc{fujimoto2018addressingfunctionapproximationerror,
      title={Addressing Function Approximation Error in Actor-Critic Methods}, 
      author={Scott Fujimoto and Herke van Hoof and David Meger},
      year={2018},
      eprint={1802.09477},
      archivePrefix={arXiv},
      primaryClass={cs.AI},
      url={https://arxiv.org/abs/1802.09477}, 
}

@article{sortino1994performance,
  title={Performance measurement in a downside risk framework},
  author={Sortino, Frank A and Price, Lee N},
  journal={the Journal of Investing},
  volume={3},
  number={3},
  pages={59--64},
  year={1994},
  publisher={Portfolio Management Research}
}

@book{granville1963new,
  title={New Key to Stock Market Profits},
  author={Granville, JE},
  year={1963},
  publisher={Martino Publishing}
}

@misc{pandas-ta,
  title = {pandas-ta},
  url = {https://github.com/twopirllc/pandas-ta},
  year = {2024}
}

@misc{Tensortrade,
  title = {TensorTrade},
  url = {https://www.tensortrade.org/en/latest/index.html},
  year = {2024}
}

@article{stable-baselines3,
  author  = {Antonin Raffin and Ashley Hill and Adam Gleave and Anssi Kanervisto and Maximilian Ernestus and Noah Dormann},
  title   = {Stable-Baselines3: Reliable Reinforcement Learning Implementations},
  journal = {Journal of Machine Learning Research},
  year    = {2021},
  volume  = {22},
  number  = {268},
  pages   = {1-8},
  url     = {http://jmlr.org/papers/v22/20-1364.html}
}

@software{reback2020pandas,
    author       = {The pandas development team},
    title        = {pandas-dev/pandas: Pandas},
    month        = feb,
    year         = 2020,
    publisher    = {Zenodo},
    version      = {latest},
    doi          = {10.5281/zenodo.3509134},
    url          = {https://doi.org/10.5281/zenodo.3509134}
}

@Article{         harris2020array,
 title         = {Array programming with {NumPy}},
 author        = {Charles R. Harris and K. Jarrod Millman and St{\'{e}}fan J.
                 van der Walt and Ralf Gommers and Pauli Virtanen and David
                 Cournapeau and Eric Wieser and Julian Taylor and Sebastian
                 Berg and Nathaniel J. Smith and Robert Kern and Matti Picus
                 and Stephan Hoyer and Marten H. van Kerkwijk and Matthew
                 Brett and Allan Haldane and Jaime Fern{\'{a}}ndez del
                 R{\'{i}}o and Mark Wiebe and Pearu Peterson and Pierre
                 G{\'{e}}rard-Marchant and Kevin Sheppard and Tyler Reddy and
                 Warren Weckesser and Hameer Abbasi and Christoph Gohlke and
                 Travis E. Oliphant},
 year          = {2020},
 month         = sep,
 journal       = {Nature},
 volume        = {585},
 number        = {7825},
 pages         = {357--362},
 doi           = {10.1038/s41586-020-2649-2},
 publisher     = {Springer Science and Business Media {LLC}},
 url           = {https://doi.org/10.1038/s41586-020-2649-2}
}